@misc{loredavide,
  doi = {10.48550/arxiv.2210.02976},
  title={{A new efficient explicit Deferred Correction framework: analysis and applications to hyperbolic PDEs and adaptivity}},
author={Micalizzi, Lorenzo and Torlo, Davide},
journal={arXiv preprint},
year={2022}
}


@article{rio2021massively,
  title={A massively parallel hybrid finite volume/finite element scheme for computational fluid dynamics},
  author={R{\'\i}o-Mart{\'\i}n, Laura and Busto, Saray and Dumbser, Michael},
  journal={Mathematics},
  volume={9},
  number={18},
  pages={2316},
  year={2021},
  publisher={MDPI}
}

@inproceedings{rabenseifner2009hybrid,
  title={{Hybrid MPI/OpenMP parallel programming on clusters of multi-core SMP nodes}},
  author={Rabenseifner, Rolf and Hager, Georg and Jost, Gabriele},
  booktitle={2009 17th Euromicro international conference on parallel, distributed and network-based processing},
  pages={427--436},
  year={2009}
%  organization={IEEE}
}

@article{FARHAT199361,
title = {{Two-dimensional viscous flow computations on the Connecti on Machine: Unstructured meshes, upwind schemes and massively parallel computations}},
journal = {Computer Methods in Applied Mechanics and Engineering},
volume = {102},
number = {1},
pages = {61-88},
year = {1993},
issn = {0045-7825},
doi = {https://doi.org/10.1016/0045-7825(93)90141-J},
url = {https://www.sciencedirect.com/science/article/pii/004578259390141J},
author = {Charbel Farhat and Loula Fezoui and Stéphane Lanteri},
abstract = {Here we report on our effort in simulating two-dimensional viscous flows on the Connection Machine, using a second-order accurate monotomic upwind scheme for conservation laws (MUSCL) on fully unstructured grids. The spatial approximation combines an upwind finite volume method for the discretization of the convective fluxes with a classical Galerkin finite element method for the discretization of the diffusive fluxes. The resulting semi-discrete equations are time integrated with a second-order low-storage explicit Runge-Kutta method. A communication efficient strategy for mapping thousands of processors onto an arbitrary mesh is presented and proposed as an alternative to the fast north-east-west-south (NEWS) communication mechanism, which is restricted to structured grids. Measured performance results for the simulation of low Reynolds number chaotic flows indicate that an 8K CM-2 (8192 processors) with single precision floating point arithmetic is at least as fast as one CRAY-2 processor.}
}

@inproceedings{huang2020modeling,
  title={Modeling, simulation and validation of supersonic parachute inflation dynamics during Mars landing},
  author={Huang, Daniel Z and Avery, Philip and Farhat, Charbel and Rabinovitch, Jason and Derkevorkian, Armen and Peterson, Lee D},
  booktitle={AIAA Scitech 2020 Forum},
  pages={0313},
  year={2020}
}


@inproceedings{tsoutsanis2016addressing,
          volume = {1},
month = {June},
booktitle = {ECCOMAS Congress 2016 - Proceedings of the 7th European Congress on Computational Methods in Applied Sciences and Engineering},
editor = {M. Papadrakakis and V. Papadopoulos and G. Stefanou and V. Plevris},
address = {GRC},
title = {Addressing the challenges of implementation of high-order finite-volume schemes for atmospheric dynamics on unstructured meshes},
publisher = {National Technical University of Athens},
year = {2016},
pages = {684--708},
keywords = {non-hydrostatic, rising bubble, unstructured meshes, WENO, Mathematics, Artificial Intelligence, Applied Mathematics},
%url = {https://strathprints.strath.ac.uk/59543/},
isbn = {9786188284401},
abstract = {The solution of the non-hydrostatic compressible Euler equations using Weighted Essentially Non-Oscillatory (WENO) schemes in two and three-dimensional unstructured meshes, is presented. Their key characteristics are their simplicity; accuracy; robustness; non-oscillatory properties; versatility in handling any type of grid topology; computational and parallel efficiency. Their defining characteristic is a non-linear combination of a series of high-order reconstruction polynomials arising from a series of reconstruction stencils. In the present study an explicit TVD Runge-Kutta 3rd-order method is employed due to its lower computational resources requirement compared to implicit type time advancement methods. The WENO schemes (up to 5th-order) are applied to the two dimensional and three dimensional test cases: a 2D rising thermal bubble. The scalability and efficiency of the schemes is also investigated.},
author = {Tsoutsanis, Panagiotis and Drikakis, Dimitris}
}

@article{tsoutsanis2018improvement,
  title={{Improvement of the computational performance of a parallel unstructured WENO finite volume CFD code for Implicit Large Eddy Simulation}},
  author={Tsoutsanis, Panagiotis and Antoniadis, Antonis F and Jenkins, Karl W},
  journal={Computers \& Fluids},
  volume={173},
  pages={157--170},
  year={2018},
  publisher={Elsevier}
}

@article{krais2021flexi,
  title={{FLEXI: A high order discontinuous Galerkin framework for hyperbolic--parabolic conservation laws}},
  author={Krais, Nico and Beck, Andrea and Bolemann, Thomas and Frank, Hannes and Flad, David and Gassner, Gregor and Hindenlang, Florian and Hoffmann, Malte and Kuhn, Thomas and Sonntag, Matthias and others},
  journal={Computers \& Mathematics with Applications},
  volume={81},
  pages={186--219},
  year={2021},
  publisher={Elsevier}
}

@inproceedings{fox1949some,
  title={Some new methods for the numerical integration of ordinary differential equations},
  author={Fox, Leslie and Goodwin, ET},
  booktitle={Mathematical Proceedings of the Cambridge Philosophical Society},
  volume={45},
  number={3},
  pages={373--388},
  year={1949},
  organization={Cambridge University Press}
}


@article{larson2020stabilization,
  title={Stabilization of high order cut finite element methods on surfaces},
  author={Larson, Mats G and Zahedi, Sara},
  journal={IMA Journal of Numerical Analysis},
  volume={40},
  number={3},
  pages={1702--1745},
  year={2020},
  publisher={Oxford University Press}
}



@article{micalizzi2023novel,
  title={Novel well-balanced continuous interior penalty stabilizations},
  author={Micalizzi, Lorenzo and Ricchiuto, Mario and Abgrall, R{\'e}mi},
  journal={arXiv preprint arXiv:2307.09697},
  year={2023}
}


@book{cheli2015advanced,
  title={Advanced dynamics of mechanical systems},
  author={Cheli, Federico and Diana, Giorgio},
  volume={2020},
  year={2015},
  address		= "Cham",
  publisher={Springer}
}


@book{RemiMarioRD,
author = {Abgrall, Rémi and Ricchiuto, Mario},
year = {2017},
month = {01},
pages = {},
title = {{High order methods for CFD - Encyclopedia of Computational Mechanics Second Edition}},
doi = {10.1002/9781119176817.ecm2112}
}


@article{Decoriginal,
    AUTHOR = {Dutt, Alok and Greengard, Leslie and Rokhlin, Vladimir},
     TITLE = {Spectral deferred correction methods for ordinary differential
              equations},
   JOURNAL = {BIT},
  FJOURNAL = {BIT. Numerical Mathematics},
    VOLUME = {40},
      YEAR = {2000},
    NUMBER = {2},
     PAGES = {241--266},
      ISSN = {0006-3835},
   MRCLASS = {65L05 (65F20 65L20)},
  MRNUMBER = {1765736},
MRREVIEWER = {Ekkehard Wagenf\"{u}hrer},
       DOI = {10.1023/A:1022338906936}, 
}

@article{Decremi,
    AUTHOR = {Abgrall, Rémi},
     TITLE = {High order schemes for hyperbolic problems using globally
              continuous approximation and avoiding mass matrices},
   JOURNAL = {Journal of Scientific Computing},
    VOLUME = {73},
      YEAR = {2017},
    NUMBER = {2-3},
     PAGES = {461--494},
      ISSN = {0885-7474},
   MRCLASS = {65M60 (65M22)},
  MRNUMBER = {3719595},
MRREVIEWER = {Beny Neta},
       DOI = {10.1007/s10915-017-0498-4},
}


@article{ern,
author = { Ern, Alexandre and  Guermond, Jean‐Luc},
title = {Discontinuous Galerkin Methods for Friedrichs’ Systems. Part {II}. Second‐order Elliptic {PDEs}},
journal = {SIAM Journal on Numerical Analysis},
volume = {44},
number = {6},
pages = {2363-2388},
year = {2006},
doi = {10.1137/05063831X},
}


@book{evans,
  title={Partial Differential Equations},
  author={Evans, L.C. and American Mathematical Society},
  isbn={9781470411442},
  lccn={2009044716},
  series={Graduate studies in mathematics},
  year={2010},
  publisher={American Mathematical Society}
}


@book{salsa,
author = {Salsa, Sandro},
title = {Partial Differential Equations in Action: From Modelling to Theory - UNITEX)},
year = {2015},
isbn = {3319150928},
publisher = {Springer Publishing Company, Incorporated},
edition = {2nd},
}

@book{Quarteroni,
  title={Numerical models for differential problems},
  author={Quarteroni, Alfio and Quarteroni, Silvia},
  volume={2},
  year={2009},
  publisher={Springer}
}




@incollection{CIP,
  title={Interior penalty procedures for elliptic and parabolic Galerkin methods},
  author={Douglas, Jim and Dupont, Todd},
  booktitle={Computing methods in applied sciences},
  pages={207--216},
  year={1976},
  address={New York},
  publisher={Springer}
}


@article{BURMAN,
title = {Edge stabilization for Galerkin approximations of convection–diffusion–reaction problems},
journal = {Computer Methods in Applied Mechanics and Engineering},
volume = {193},
number = {15},
pages = {1437-1453},
year = {2004},
note = {Recent Advances in Stabilized and Multiscale Finite Element Methods},
issn = {0045-7825},
doi = {https://doi.org/10.1016/j.cma.2003.12.032},
author = {Erik Burman and Peter Hansbo},
keywords = {Stabilized methods, Finite element, Interior penalty},
abstract = {In this paper we recall a stabilization technique for finite element methods for convection–diffusion–reaction equations, originally proposed by Douglas and Dupont [Computing Methods in Applied Sciences, Springer-Verlag, Berlin, 1976]. The method uses least square stabilization of the gradient jumps a across element boundaries. We prove that the method is stable in the hyperbolic limit and prove optimal a priori error estimates. We address the question of monotonicity of discrete solutions and present some numerical examples illustrating the theoretical results.}
}

@article{Maria,
    AUTHOR = {Han Veiga, Maria and Velasco-Romero, David A. and Abgrall,
              R\'{e}mi and Teyssier, Romain},
     TITLE = {Capturing near-equilibrium solutions: a comparison between
              high-order discontinuous {G}alerkin methods and well-balanced
              schemes},
   JOURNAL = {Commun. Comput. Phys.},
  FJOURNAL = {Communications in Computational Physics},
    VOLUME = {26},
      YEAR = {2019},
    NUMBER = {1},
     PAGES = {1--34},
      ISSN = {1815-2406},
   MRCLASS = {65M60 (85A05)},
  MRNUMBER = {3919906},
       DOI = {10.4208/cicp.oa-2018-0071},
}

@article{CaPa,
    AUTHOR = {Castro, Manuel J. and Par\'{e}s, Carlos},
     TITLE = {Well-balanced high-order finite volume methods for systems of
              balance laws},
   JOURNAL = {J. Sci. Comput.},
  FJOURNAL = {Journal of Scientific Computing},
    VOLUME = {82},
      YEAR = {2020},
    NUMBER = {2},
      ISSN = {0885-7474},
   MRCLASS = {65M08},
  MRNUMBER = {4062845},
MRREVIEWER = {G\"{u}nter Karl Franz B\"{a}rwolff},
       DOI = {10.1007/s10915-020-01149-5},
}

@article{Kur,
    AUTHOR = {Chertock, Alina and Cui, Shumo and Kurganov, Alexander and
              \"{O}zcan, \c{S}eyma Nur and Tadmor, Eitan},
     TITLE = {Well-balanced schemes for the {E}uler equations with
              gravitation: conservative formulation using global fluxes},
   JOURNAL = {J. Comput. Phys.},
  FJOURNAL = {Journal of Computational Physics},
    VOLUME = {358},
      YEAR = {2018},
     PAGES = {36--52},
      ISSN = {0021-9991},
   MRCLASS = {65M06 (76M20 76N15)},
  MRNUMBER = {3759430},
       DOI = {10.1016/j.jcp.2017.12.026},
}


@article{Klin,
  author = 	 {Jonas P. Berberich and Praveen Chandrashekar and Christian Klingenberg },
  title = 	 {High order well-balanced finite volume methods for multi-dimensional systems of hyperbolic balance laws},
  journal = 	 {submitted},
  year = 	 {2019},
  OPTkey = 	 {},
  OPTvolume = 	 {},
  OPTnumber = 	 {},
  OPTpages = 	 {},
  OPTmonth = 	 {},
  OPTnote = 	 {},
}

@article {Var,
    AUTHOR = {Varma, Deepak and Chandrashekar, Praveen},
     TITLE = {A second-order, discretely well-balanced finite volume scheme
              for {E}uler equations with gravity},
   JOURNAL = {Comput. \& Fluids},
  FJOURNAL = {Computers \& Fluids. An International Journal},
    VOLUME = {181},
      YEAR = {2019},
     PAGES = {292--313},
      ISSN = {0045-7930},
   MRCLASS = {65M08 (76M12 76N99)},
  MRNUMBER = {3913018},
       DOI = {10.1016/j.compfluid.2019.02.003},
}


@article{Klin2,
    AUTHOR = {Desveaux, Vivien and Zenk, Markus and Berthon, Christophe and
              Klingenberg, Christian},
     TITLE = {A well-balanced scheme to capture non-explicit steady states
              in the {E}uler equations with gravity},
   JOURNAL = {Internat. J. Numer. Methods Fluids},
  FJOURNAL = {International Journal for Numerical Methods in Fluids},
    VOLUME = {81},
      YEAR = {2016},
    NUMBER = {2},
     PAGES = {104--127},
      ISSN = {0271-2091},
   MRCLASS = {65M08 (76M12 76Nxx)},
  MRNUMBER = {3491831},
MRREVIEWER = {Pilar Garcia-Navarro},
       DOI = {10.1002/fld.4177},
}

@article{Dumb,
  author = 	 {Elena Gaburro, Manuel J. Castro and Michael Dumbser},
  title = 	 {Well-balanced Arbitrary-Lagrangian-Eulerian finite volume schemes on moving nonconforming meshes for the Euler equations of gas dynamics with gravity },
  journal = 	 {Monthly Notices of the Royal Astronomical Society},
  year = 	 2018,
  volume = 	 477,
  number = 	 2,
  pages = 	 {2251–2275}}

@article{Mario,
    AUTHOR = {Ricchiuto, Mario},
     TITLE = {On the {C}-property and generalized {C}-property of residual
              distribution for the shallow water equations},
   JOURNAL = {J. Sci. Comput.},
  FJOURNAL = {Journal of Scientific Computing},
    VOLUME = {48},
      YEAR = {2011},
    NUMBER = {1-3},
     PAGES = {304--318},
      ISSN = {0885-7474},
   MRCLASS = {65M60 (76B15 76M10)},
  MRNUMBER = {2811705},
       DOI = {10.1007/s10915-010-9369-y},
}


@article{HENON2002301,
title = {PaStiX: a high-performance parallel direct solver for sparse symmetric positive definite systems},
journal = {Parallel Computing},
volume = {28},
number = {2},
pages = {301-321},
year = {2002},
issn = {0167-8191},
doi = {https://doi.org/10.1016/S0167-8191(01)00141-7},
author = {P. Hénon and P. Ramet and J. Roman},
keywords = {High performance computing, Parallel sparse Cholesky factorization, Static partitioning and scheduling},
abstract = {Solving large sparse symmetric positive definite systems of linear equations is a crucial and time-consuming step, arising in many scientific and engineering applications. The block partitioning and scheduling problem for sparse parallel factorization without pivoting is considered. There are two major aims to this study: the scalability of the parallel solver, and the compromise between memory overhead and efficiency. Parallel experiments on a large collection of irregular industrial problems validate our approach.}
}


@Book{Pat,
  author = 	 {Suhas Patankar},
  title = 	 {Numerical heat transfer and fluid flow},
  publisher = 	 {CRC Press},
  year = 	 1980}

@article{mPat,
    AUTHOR = {Burchard, Hans and Deleersnijder, Eric and Meister, Andreas},
     TITLE = {A high-order conservative {P}atankar-type discretisation for
              stiff systems of production-destruction equations},
   JOURNAL = {Appl. Numer. Math.},
  FJOURNAL = {Applied Numerical Mathematics. An IMACS Journal},
    VOLUME = {47},
      YEAR = {2003},
    NUMBER = {1},
     PAGES = {1--30},
      ISSN = {0168-9274},
   MRCLASS = {65L06 (65L05)},
  MRNUMBER = {2003144},
MRREVIEWER = {Gabriela Schranz-Kirlinger},
       DOI = {10.1016/S0168-9274(03)00101-6},
}

@article{mPRK1,
    AUTHOR = {Kopecz, Stefan and Meister, Andreas},
     TITLE = {On order conditions for modified {P}atankar-{R}unge-{K}utta
              schemes},
   JOURNAL = {Appl. Numer. Math.},
  FJOURNAL = {Applied Numerical Mathematics. An IMACS Journal},
    VOLUME = {123},
      YEAR = {2018},
     PAGES = {159--179},
      ISSN = {0168-9274},
   MRCLASS = {65L06},
  MRNUMBER = {3711996},
MRREVIEWER = {David Shirokoff},
       DOI = {10.1016/j.apnum.2017.09.004},
}

@article{mPRK2,
    AUTHOR = {Kopecz, Stefan and Meister, Andreas},
     TITLE = {Unconditionally positive and conservative third order modified
              {P}atankar-{R}unge-{K}utta discretizations of
              production-destruction systems},
   JOURNAL = {BIT},
  FJOURNAL = {BIT. Numerical Mathematics},
    VOLUME = {58},
      YEAR = {2018},
    NUMBER = {3},
     PAGES = {691--728},
      ISSN = {0006-3835},
   MRCLASS = {65L06 (65L05 65L20)},
  MRNUMBER = {3855688},
MRREVIEWER = {Luigi Brugnano},
       DOI = {10.1007/s10543-018-0705-1},
}

@article{mPRK3,
    AUTHOR = {Kopecz, Stefan and Meister, Andreas},
     TITLE = {On the existence of three-stage third-order modified
              {P}atankar-{R}unge-{K}utta schemes},
   JOURNAL = {Numer. Algorithms},
  FJOURNAL = {Numerical Algorithms},
    VOLUME = {81},
      YEAR = {2019},
    NUMBER = {4},
     PAGES = {1473--1484},
      ISSN = {1017-1398},
   MRCLASS = {65L06},
  MRNUMBER = {3987250},
       DOI = {10.1007/s11075-019-00680-3},
}

@article{mPRKBL1,
    AUTHOR = {Zhang, Xiangxiong and Shu, Chi-Wang},
     TITLE = {Positivity-preserving high order discontinuous {G}alerkin
              schemes for compressible {E}uler equations with source terms},
   JOURNAL = {J. Comput. Phys.},
  FJOURNAL = {Journal of Computational Physics},
    VOLUME = {230},
      YEAR = {2011},
    NUMBER = {4},
     PAGES = {1238--1248},
      ISSN = {0021-9991},
   MRCLASS = {65M70 (35Q35 65M08 76M10 76N15 85-08)},
  MRNUMBER = {2753359},
MRREVIEWER = {Andrei I. Tolstykh},
       DOI = {10.1016/j.jcp.2010.10.036},
}


@article {mPRKBL2,
    AUTHOR = {Meister, Andreas and Ortleb, Sigrun},
     TITLE = {On unconditionally positive implicit time integration for the
              {DG} scheme applied to shallow water flows},
   JOURNAL = {Internat. J. Numer. Methods Fluids},
  FJOURNAL = {International Journal for Numerical Methods in Fluids},
    VOLUME = {76},
      YEAR = {2014},
    NUMBER = {2},
     PAGES = {69--94},
      ISSN = {0271-2091},
   MRCLASS = {65M60 (65M12 86A05)},
  MRNUMBER = {3247707},
MRREVIEWER = {Juan Antonio Infante},
       DOI = {10.1002/fld.3921},
}

@article{mPRKBL3,
    AUTHOR = {Huang, Juntao and Shu, Chi-Wang},
     TITLE = {Positivity-preserving time discretizations for
              production-destruction equations with applications to
              non-equilibrium flows},
   JOURNAL = {J. Sci. Comput.},
  FJOURNAL = {Journal of Scientific Computing},
    VOLUME = {78},
      YEAR = {2019},
    NUMBER = {3},
     PAGES = {1811--1839},
      ISSN = {0885-7474},
   MRCLASS = {65M06 (65L06 65M20 76V05)},
  MRNUMBER = {3934688},
MRREVIEWER = {Qifeng Zhang},
       DOI = {10.1007/s10915-018-0852-1},
}

@article{mPDeC,
    AUTHOR = {\"{O}ffner, Philipp and Torlo, Davide},
     TITLE = {Arbitrary high-order, conservative and positivity preserving
              {P}atankar-type deferred correction schemes},
   JOURNAL = {Appl. Numer. Math.},
  FJOURNAL = {Applied Numerical Mathematics. An IMACS Journal},
    VOLUME = {153},
      YEAR = {2020},
     PAGES = {15--34},
      ISSN = {0168-9274},
   MRCLASS = {65L06},
  MRNUMBER = {4064785},
MRREVIEWER = {Helmut Podhaisky},
       DOI = {10.1016/j.apnum.2020.01.025},
}

@article{Norm,
    AUTHOR = {Dal Maso, Gianni and Murat, Fran\c{c}ois and Orsina, Luigi and
              Prignet, Alain},
     TITLE = {Renormalized solutions of elliptic equations with general
              measure data},
   JOURNAL = {Ann. Scuola Norm. Sup. Pisa Cl. Sci. (4)},
  FJOURNAL = {Annali della Scuola Normale Superiore di Pisa. Classe di
              Scienze. Serie IV},
    VOLUME = {28},
      YEAR = {1999},
    NUMBER = {4},
     PAGES = {741--808},
      ISSN = {0391-173X},
   MRCLASS = {35R05 (31C45 35J65)},
  MRNUMBER = {1760541},
MRREVIEWER = {Monica Lazzo},
}

@article{Burg,
    AUTHOR = {Lin, Jianfang and Abgrall, R\'{e}mi and Qiu, Jianxian},
     TITLE = {High order residual distribution for steady state problems for
              hyperbolic conservation laws},
   JOURNAL = {J. Sci. Comput.},
  FJOURNAL = {Journal of Scientific Computing},
    VOLUME = {79},
      YEAR = {2019},
    NUMBER = {2},
     PAGES = {891--913},
      ISSN = {0885-7474},
   MRCLASS = {65N06 (35L60 35L65)},
  MRNUMBER = {3968995},
       DOI = {10.1007/s10915-018-0878-4},
}


@article{TestEul1d,
author = {Touma, R. and Koley, U. and Klingenberg, C.},
title = {Well-Balanced Unstaggered Central Schemes for the Euler Equations with Gravitation},
journal = {SIAM Journal on Scientific Computing},
volume = {38},
number = {5},
pages = {B773-B807},
year = {2016},
doi = {10.1137/140992667},

}

}


@article{Paola,
author = {Rémi, Abgrall and Paola, Bacigaluppi and Svetlana, Tokareva},
title = {High-order residual distribution scheme for the time-dependent Euler equations of fluid dynamics},
journal = {Computers \& Mathematics with Applications},
volume = {78},
number = {2},
pages = {274-297},
year = {2019},
note = {Proceedings of the Eight International Conference on Numerical Methods for Multi-Material Fluid Flows (MULTIMAT 2017)},
issn = {0898-1221},
doi = {https://doi.org/10.1016/j.camwa.2018.05.009},
}



@article{daniel1968iterated,
	AUTHOR = {Daniel, James W. and Pereyra, Victor and Schumaker, Larry L.},
	TITLE = {Iterated deferred corrections for initial value problems},
	JOURNAL = {Acta Cient. Venezolana},
	FJOURNAL = {Acta Cient\'{\i}fica Venezolana. Asociaci\'{o}n Venezolana para el
	Avance de la Ciencia},
	VOLUME = {19},
	YEAR = {1968},
	PAGES = {128--135},
	ISSN = {0001-5504},
	MRCLASS = {65.61},
	MRNUMBER = {255063},
	MRREVIEWER = {M. Rama Mohana Rao},
}

@article{liu2008strong,
	title={Strong stability preserving property of the deferred correction time discretization},
	author={Liu, Yuan and Shu, Chi-Wang and Zhang, Mengping},
	journal={Journal of Computational Mathematics},
	volume = {26},
	number={5},
	pages={633--656},
	year={2008},
	publisher={JSTOR}
}

@article{han2021dec,
	title={{Dec} and {Ader}: similarities, differences and a unified framework},
	author={Han Veiga, Maria and {\"O}ffner, Philipp and Torlo, Davide},
	journal={Journal of Scientific Computing},
	volume={87},
	number={1},
	pages={1--35},
	year={2021},
	publisher={Springer}
}


@article{ketcheson2014comparison,
	title={A comparison of high-order explicit {Runge--Kutta}, extrapolation, and deferred correction methods in serial and parallel},
	author={Ketcheson, David and bin Waheed, Umair},
	journal={Communications in Applied Mathematics and Computational Science},
	volume={9},
	number={2},
	pages={175--200},
	year={2014},
	publisher={Mathematical Sciences Publishers}
}

@book{hairer1987solving,
	title={Solving Ordinary Differential Equations I: Nonstiff Problems},
	author={ Hairer, Ernst and N{\o}rsett, S.P. and Wanner, G},
	address={Berlin},
	year={1987},
	publisher={Springer-Verlag}
}

@book{wanner1996solving,
	title={Solving ordinary differential equations II: Stiff and Differential-Algebraic Problems},
	author={Wanner, Gerhard and Hairer, Ernst},
	address={Berlin},
	volume={375},
	year={1996},
	publisher={Springer Berlin Heidelberg}
}

@book{butcher2016numerical,
	title={Numerical methods for ordinary differential equations},
	author={Butcher, John Charles},
	year={2016},
	address={Auckland},
	publisher={John Wiley \& Sons}
}

%% Minion
@article{minion2003semi,
	title={Semi-implicit spectral deferred correction methods for ordinary differential equations},
	author={Minion, Michael L},
	journal={Communications in Mathematical Sciences},
	volume={1},
	number={3},
	pages={471--500},
	year={2003},
	publisher={International Press of Boston}
}

@article{huang2006accelerating,
	title={Accelerating the convergence of spectral deferred correction methods},
	author={Huang, Jingfang and Jia, Jun and Minion, Michael},
	journal={Journal of Computational Physics},
	volume={214},
	number={2},
	pages={633--656},
	year={2006},
	publisher={Elsevier}
}

@article{layton2004conservative,
	title={Conservative multi-implicit spectral deferred correction methods for reacting gas dynamics},
	author={Layton, Anita T and Minion, Michael L},
	journal={Journal of Computational Physics},
	volume={194},
	number={2},
	pages={697--715},
	year={2004},
	publisher={Elsevier}
}

@article{speck2015multi,
	title={A multi-level spectral deferred correction method},
	author={Speck, Robert and Ruprecht, Daniel and Emmett, Matthew and Minion, Michael and Bolten, Matthias and Krause, Rolf},
	journal={BIT Numerical Mathematics},
	volume={55},
	number={3},
	pages={843--867},
	year={2015},
	publisher={Springer}
}

@book{gautschi2011numerical,
  title={Numerical analysis},
  author={Gautschi, Walter},
  year={2011},
  address={Indiana},
  publisher={Springer Science \& Business Media}
}

@article{cohen:hal-01010373,
  TITLE = {{Higher order triangular finite elements with mass lumping for the wave equation.}},
  AUTHOR = {Cohen, Gary and Joly, Patrick and Roberts, Jean E. and Tordjman, Nathalie},
  URL = {https://hal-ensta-paris.archives-ouvertes.fr//hal-01010373},
  JOURNAL = {{SIAM Journal on Numerical Analysis}},
  PUBLISHER = {{Society for Industrial and Applied Mathematics}},
  VOLUME = {38},
  NUMBER = {6},
  PAGES = {2047-2078},
  YEAR = {2001},
  DOI = {10.1137/S0036142997329554},
  HAL_ID = {hal-01010373},
  HAL_VERSION = {v1},
}

@article{michel2022spectral,
	title={Spectral analysis of high order continuous {FEM} for hyperbolic {PDEs} on triangular meshes: influence of approximation, stabilization, and time-stepping},
	author={Michel, Sixtine and Torlo, Davide and Ricchiuto, Mario and Abgrall, R{\'e}mi},
	journal={arXiv preprint arXiv:2206.06150},
	year={2022}
}

@article{michel2021spectral,
	title={Spectral analysis of continuous {FEM} for hyperbolic {PDEs}: influence of approximation, stabilization, and time-stepping},
	author={Michel, Sixtine and Torlo, Davide and Ricchiuto, Mario and Abgrall, R{\'e}mi},
	journal={Journal of Scientific Computing},
	volume={89},
	number={2},
	pages={1--41},
	year={2021},
	publisher={Springer}
}

@article{jund2007arbitrary,
	title={{Arbitrary High-Order Finite Element Schemes and High-Order Mass Lumping}},
	author={Jund, S{\'e}bastien and Salmon, St{\'e}phanie},
	journal={International Journal of Applied Mathematics \& Computer Science},
	volume={17},
	number={3},
	year={2007},
	pages={375--393}
}

@article{pasquetti2018cubature,
	title={Cubature points based triangular spectral elements: An accuracy study},
	author={Pasquetti, Richard and Rapetti, Francesca},
	journal={Journal of Mathematical Study},
	volume={51},
	number={1},
	pages={15--25},
	year={2018}
}

@article{abgrall2006residual,
	title={Residual distribution schemes: current status and future trends},
	author={Abgrall, R{\'e}mi},
	journal={Computers \& Fluids},
	volume={35},
	number={7},
	pages={641--669},
	year={2006},
	publisher={Elsevier}
}

@article{abgrall2019high,
	title={High-order residual distribution scheme for the time-dependent {Euler} equations of fluid dynamics},
	author={Abgrall, R{\'e}mi and Bacigaluppi, Paola and Tokareva, Svetlana},
	journal={Computers \& Mathematics with Applications},
	volume={78},
	number={2},
	pages={274--297},
	year={2019},
	publisher={Elsevier}
}

@article{ricchiuto2010explicit,
	title={Explicit {Runge--Kutta} residual distribution schemes for time dependent problems: second order case},
	author={Ricchiuto, Mario and Abgrall, Remi},
	journal={Journal of Computational Physics},
	volume={229},
	number={16},
	pages={5653--5691},
	year={2010},
	publisher={Elsevier}
}

@article{abgrall2020high,
	title={High order asymptotic preserving deferred correction implicit-explicit schemes for kinetic models},
	author={Abgrall, R{\'e}mi and Torlo, Davide},
	journal={SIAM Journal on Scientific Computing},
	volume={42},
	number={3},
	pages={B816--B845},
	year={2020},
	publisher={SIAM}
}


@article{codina1997finite,
  title={A finite element formulation for the Stokes problem allowing equal velocity-pressure interpolation},
  author={Codina, Ramon and Blasco, Jordi},
  journal={Computer Methods in Applied Mechanics and Engineering},
  volume={143},
  number={3-4},
  pages={373--391},
  year={1997},
  publisher={Elsevier}
}

@book{leveque2002finite,
  title={Finite volume methods for hyperbolic problems},
  author={LeVeque, Randall J and others},
  volume={31},
  year={2002},
  publisher={Cambridge university press},
  address={Cambridge}
}



@article{vort,
  doi = {10.48550/ARXIV.2109.10183},
  
  url = {https://arxiv.org/abs/2109.10183},
  
  author = {Ricchiuto, Mario and Torlo, Davide},
  
  keywords = {Numerical Analysis (math.NA), FOS: Mathematics, FOS: Mathematics, 35C07, 65M99},
  
  title = {Analytical travelling vortex solutions of hyperbolic equations for validating very high order schemes},
  
  publisher = {arXiv},
  
  year = {2021},
  
  copyright = {arXiv.org perpetual, non-exclusive license}
}


@article{speck2014space,
	title={A space-time parallel solver for the three-dimensional heat equation},
	author={Speck, Robert and Ruprecht, Daniel and Emmett, Matthew and Bolten, Matthias and Krause, Rolf},
	journal={Parallel Computing: Accelerating Computational Science and Engineering (CSE)},
	volume={25},
	pages={263--272},
	year={2014},
	publisher={IOS Press Amsterdam}
}


@article{boscheri2022continuous,
	title={{Continuous finite element subgrid basis functions for Discontinuous Galerkin schemes on unstructured polygonal Voronoi meshes}},
	author={Boscheri, Walter and Dumbser, Michael and Gaburro, Elena},
	journal={Communications in Computational Physics},
	volume={32},
	pages={259--298},
	year={2022},
}

@Article{ADERNSE,
author ={M. Dumbser},
title = {Arbitrary High Order {PNPM} Schemes on Unstructured Meshes for the Compressible {{Navier}--{Stokes}} Equations}, 
journal = {Computers \& Fluids},
volume = {39},
pages = {60--76},
year = {2010},  
} 

@Book{ToroBook,
  author =  {{E.F.} Toro},
  title =   {{Riemann} Solvers and Numerical Methods for Fluid Dynamics: a Practical Introduction.},
  publisher =   {Springer},
  year =   2009
}

@article{gaburro2021unified,
	title={{A unified framework for the solution of hyperbolic PDE systems using high order direct Arbitrary-Lagrangian--Eulerian schemes on moving unstructured meshes with topology change}},
	author={Gaburro, Elena},
	journal={Archives of Computational Methods in Engineering},
	volume={28},
	number={3},
	pages={1249--1321},
	year={2021},
	publisher={Springer}
}

@article{balsara2009efficient,
	title={{Efficient, high accuracy ADER-WENO schemes for hydrodynamics and divergence-free magnetohydrodynamics}},
	author={Balsara, Dinshaw S and Rumpf, Tobias and Dumbser, Michael and Munz, Claus-Dieter},
	journal={Journal of Computational Physics},
	volume={228},
	number={7},
	pages={2480--2516},
	year={2009},
	publisher={Elsevier}
}

@article{eymard2000finite,
	title={Finite volume methods},
	author={Eymard, Robert and Gallou{\"e}t, Thierry and Herbin, Rapha{\`e}le},
	journal={Handbook of numerical analysis},
	volume={7},
	pages={713--1018},
	year={2000},
	publisher={Elsevier}
}

@book{versteeg2007introduction,
	title={An introduction to computational fluid dynamics: the finite volume method},
	author={Versteeg, Henk Kaarle and Malalasekera, Weeratunge},
	address={Harlow},
	year={2007},
	publisher={Pearson education}
}

@book{leveque2002finite,
	title={Finite volume methods for hyperbolic problems},
	author={LeVeque, Randall J and others},
	volume={31},
	year={2002},
	publisher={Cambridge university press}
}

@book{leveque2007finite,
	title={Finite difference methods for ordinary and partial differential equations: steady-state and time-dependent problems},
	author={LeVeque, Randall J},
	year={2007},
	address={Philadelphia},
	publisher={SIAM},
}

@article{gottlieb2001spectral,
	title={Spectral methods for hyperbolic problems},
	author={Gottlieb, David and Hesthaven, Jan S},
	journal={Journal of Computational and Applied Mathematics},
	volume={128},
	number={1-2},
	pages={83--131},
	year={2001},
	publisher={Elsevier}
}

@book{ern2004theory,
	title={Theory and practice of finite elements},
	author={Ern, Alexandre and Guermond, Jean-Luc},
	volume={159},
	year={2004},
	publisher={Springer},
    address	= "New York",
}

@book{godlewski2013numerical,
	title={Numerical approximation of hyperbolic systems of conservation laws},
	author={Godlewski, Edwige and Raviart, Pierre-Arnaud},
	volume={118},
	year={2013},
	publisher={Springer Science \& Business Media},
	address={New York}
}

@book{hesthaven2007nodal,
	title={{Nodal discontinuous Galerkin methods: algorithms, analysis, and applications}},
	author={Hesthaven, Jan S and Warburton, Tim},
	year={2007},
	publisher={Springer Science \& Business Media},
    address	= "New York"
}

@incollection{cockburn2000development,
	title={The development of discontinuous {Galerkin} methods},
	author={Cockburn, Bernardo and Karniadakis, George E and Shu, Chi-Wang},
	booktitle={Discontinuous Galerkin Methods},
	pages={3--50},
	year={2000},
    address		= "Berlin",
	publisher={Springer}
}

%Minion
@article{minion2011hybrid,
	title={A hybrid parareal spectral deferred corrections method},
	author={Minion, Michael},
	journal={Communications in Applied Mathematics and Computational Science},
	volume={5},
	number={2},
	pages={265--301},
	year={2011},
	publisher={Mathematical Sciences Publishers}
}

@article{minion2004semi,
	title={Semi-implicit projection methods for incompressible flow based on spectral deferred corrections},
	author={Minion, Michael L},
	journal={Applied numerical mathematics},
	volume={48},
	number={3-4},
	pages={369--387},
	year={2004},
	publisher={Elsevier}
}

@article{speck2015multi,
	title={A multi-level spectral deferred correction method},
	author={Speck, Robert and Ruprecht, Daniel and Emmett, Matthew and Minion, Michael and Bolten, Matthias and Krause, Rolf},
	journal={BIT Numerical Mathematics},
	volume={55},
	number={3},
	pages={843--867},
	year={2015},
	publisher={Springer}
}

@article{layton2005implications,
	title={Implications of the choice of quadrature nodes for Picard integral deferred corrections methods for ordinary differential equations},
	author={Layton, Anita T and Minion, Michael L},
	journal={BIT Numerical Mathematics},
	volume={45},
	number={2},
	pages={341--373},
	year={2005},
	publisher={Springer}
}

@phdthesis{torlo2020hyperbolic,
	title={Hyperbolic problems: high order methods and model order reduction},
	author={Torlo, Davide},
	year={2020},
	school={University Zurich}
}

@article{offner2020arbitrary,
	title={Arbitrary high-order, conservative and positivity preserving {Patankar}-type deferred correction schemes},
	author={{\"O}ffner, Philipp and Torlo, Davide},
	journal={Applied Numerical Mathematics},
	volume={153},
	pages={15--34},
	year={2020},
	publisher={Elsevier}
}


@article{abgrall2021relaxation,
	author = {Abgrall, R\'emi and Le M\'el\'edo, \'Elise  and \"Offner, Philipp and Torlo, Davide},
	title = {Relaxation {Deferred} {Correction} {Methods} and their {Applications} to {Residual} {Distribution} {Schemes}},
	journal = {The SMAI Journal of computational mathematics},
	pages = {125--160},
	publisher = {Soci\'et\'e de Math\'ematiques Appliqu\'ees et Industrielles},
	volume = {8},
	year = {2022},
	doi = {10.5802/smai-jcm.82},
	language = {en}
}


%DeC before Dutt
@article{frank1977iterated,
	title={Iterated defect correction for the efficient solution of stiff systems of ordinary differential equations},
	author={Frank, Reinhard and Ueberhuber, Christoph W},
	journal={BIT Numerical Mathematics},
	volume={17},
	number={2},
	pages={146--159},
	year={1977},
	publisher={Springer}
}

@article{pereyra1968iterated,
	title={Iterated deferred corrections for nonlinear boundary value problems},
	author={Pereyra, Victor},
	journal={Numerische Mathematik},
	volume={11},
	number={2},
	pages={111--125},
	year={1968},
	publisher={Springer}
}

@article{skeel1982theoretical,
	title={A theoretical framework for proving accuracy results for deferred corrections},
	author={Skeel, Robert D},
	journal={SIAM Journal on Numerical Analysis},
	volume={19},
	number={1},
	pages={171--196},
	year={1982},
	publisher={SIAM}
}

@article{stetter1978defect,
	title={The defect correction principle and discretization methods},
	author={Stetter, Hans J},
	journal={Numerische Mathematik},
	volume={29},
	number={4},
	pages={425--443},
	year={1978},
	publisher={Springer}
}

@article{frank1975method,
	title={The method of iterated defect-correction and its application to two-point boundary value problems},
	author={Frank, Reinhard},
	journal={Numerische Mathematik},
	volume={25},
	number={4},
	pages={409--419},
	year={1975},
	publisher={Springer}
}

% DeC after Dutt
@article{kress2002deferred,
	title={Deferred correction methods for initial boundary value problems},
	author={Kress, Wendy and Gustafsson, Bertil},
	journal={Journal of Scientific Computing},
	volume={17},
	number={1},
	pages={241--251},
	year={2002},
	publisher={Springer}
}

@article{hansen2011order,
	title={On the order of deferred correction},
	author={Hansen, Anders C and Strain, John},
	journal={Applied Numerical Mathematics},
	volume={61},
	number={8},
	pages={961--973},
	year={2011},
	publisher={Elsevier}
}

@article{bourlioux2003high,
	title={High-order multi-implicit spectral deferred correction methods for problems of reactive flow},
	author={Bourlioux, Anne and Layton, Anita T and Minion, Michael L},
	journal={Journal of Computational Physics},
	volume={189},
	number={2},
	pages={651--675},
	year={2003},
	publisher={Elsevier}
}

@article{christlieb2010integral,
	title={Integral deferred correction methods constructed with high order {Runge--Kutta} integrators},
	author={Christlieb, Andrew and Ong, Benjamin and Qiu, Jing-Mei},
	journal={Mathematics of Computation},
	volume={79},
	number={270},
	pages={761--783},
	year={2010}
}

@article{christlieb2009comments,
	title={Comments on high-order integrators embedded within integral deferred correction methods},
	author={Christlieb, Andrew and Ong, Benjamin and Qiu, Jing-Mei},
	journal={Communications in Applied Mathematics and Computational Science},
	volume={4},
	number={1},
	pages={27--56},
	year={2009},
	publisher={Mathematical Sciences Publishers}
}

@article{boscarino2018implicit,
	title={Implicit-explicit integral deferred correction methods for stiff problems},
	author={Boscarino, Sebastiano and Qiu, Jing-Mei and Russo, Giovanni},
	journal={SIAM Journal on Scientific Computing},
	volume={40},
	number={2},
	pages={A787--A816},
	year={2018},
	publisher={SIAM}
}

@article{boscarino2016error,
	title={Error estimates of the integral deferred correction method for stiff problems},
	author={Boscarino, Sebastiano and Qiu, Jing-Mei},
	journal={ESAIM: Mathematical Modelling and Numerical Analysis},
	volume={50},
	number={4},
	pages={1137--1166},
	year={2016},
	publisher={EDP Sciences}
}


%%%% ADER %%%%

@article{TitarevWAF2006,
	author = {Titarev, V. A. and Toro, E. F.},
	title = "{Analysis of ADER and ADER-WAF schemes}",
	journal = {IMA Journal of Numerical Analysis},
	volume = {27},
	number = {3},
	pages = {616-630},
	year = {2006},
	month = {11},
	abstract = "{We study stability properties and truncation errors of the finite-volume ADER schemes on structured meshes as applied to the linear advection equation with constant coefficients in one-, two- and three-spatial dimensions. Stability of linear ADER schemes is analysed by means of the von Neumann method. For nonlinear schemes, we deduce the stability region from numerical experiments. The truncation error analysis is carried out for linear ADER schemes in one-, two- and three-space dimensions and for nonlinear ADER schemes in one-space dimension.}",
	issn = {0272-4979},
	doi = {10.1093/imanum/drl033},
	url = {https://doi.org/10.1093/imanum/drl033},
	eprint = {https://academic.oup.com/imajna/article-pdf/27/3/616/2230656/drl033.pdf},
}

@ARTICLE{Busto2020,
	
	AUTHOR={Busto, Saray and Chiocchetti, Simone and Dumbser, Michael and Gaburro, Elena and Peshkov, Ilya},   
	
	TITLE={High Order ADER Schemes for Continuum Mechanics},      
	
	JOURNAL={Frontiers in Physics},      
	
	VOLUME={8},      
	
	PAGES={32},     
	
	YEAR={2020},      
	
	URL={https://www.frontiersin.org/article/10.3389/fphy.2020.00032},       
	
	DOI={10.3389/fphy.2020.00032},      
	
	ISSN={2296-424X},   
	
	ABSTRACT={In this paper we first review the development of high order ADER finite volume and ADER discontinuous Galerkin schemes on fixed and moving meshes, since their introduction in 1999 by Toro et al. We show the modern variant of ADER based on a space-time predictor-corrector formulation in the context of ADER discontinuous Galerkin schemes with a posteriori subcell finite volume limiter on fixed and moving grids, as well as on space-time adaptive Cartesian AMR meshes. We then present and discuss the unified symmetric hyperbolic and thermodynamically compatible (SHTC) formulation of continuum mechanics developed by Godunov, Peshkov, and Romenski (GPR model), which allows to describe fluid and solid mechanics in one single and unified first order hyperbolic system. In order to deal with free surface and moving boundary problems, a simple diffuse interface approach is employed, which is compatible with Eulerian schemes on fixed grids as well as direct Arbitrary-Lagrangian-Eulerian methods on moving meshes. We show some examples of moving boundary problems in fluid and solid mechanics.}
}

@article{hjackson2017,
	title = "On the eigenvalues of the ADER-WENO Galerkin predictor",
	journal = "Journal of Computational Physics",
	volume = "333",
	pages = "409 - 413",
	year = "2017",
	issn = "0021-9991",
	doi = "https://doi.org/10.1016/j.jcp.2016.12.058",
	url = "http://www.sciencedirect.com/science/article/pii/S0021999117300086",
	author = "Haran Jackson",
	keywords = "ADER-WENO, Galerkin, Eigenvalues, Convergence",
	abstract = "ADER-WENO methods represent an effective set of techniques for solving hyperbolic systems of PDEs. These systems may be non-conservative and non-homogeneous, and contain stiff source terms. The methods require a spatio-temporal reconstruction of the data in each spacetime cell, at each time step. This reconstruction is obtained as the root of a nonlinear system, resulting from the use of a Galerkin method. It is proved here that the eigenvalues of certain matrices appearing in these nonlinear systems are always 0, regardless of the number of spatial dimensions of the PDEs, or the chosen order of accuracy of the ADER-WENO method. This guarantees fast convergence to the Galerkin root for certain classes of PDEs."
}


@article{balsara2013efficient,
	title={Efficient implementation of ADER schemes for Euler and magnetohydrodynamical flows on structured meshes--Speed comparisons with Runge--Kutta methods},
	author={Balsara, Dinshaw S and Meyer, Chad and Dumbser, Michael and Du, Huijing and Xu, Zhiliang},
	journal={Journal of Computational Physics},
	volume={235},
	pages={934--969},
	year={2013},
	publisher={Elsevier}
}

@article{dumbser2018efficient,
	title={Efficient implementation of ADER discontinuous Galerkin schemes for a scalable hyperbolic PDE engine},
	author={Dumbser, Michael and Fambri, Francesco and Tavelli, Maurizio and Bader, Michael and Weinzierl, Tobias},
	journal={axioms},
	volume={7},
	number={3},
	pages={63},
	year={2018},
	publisher={Multidisciplinary Digital Publishing Institute}
}

@article{dematte2019ader,
	title={ADER Methods for Hyperbolic Equations with a Time-Reconstruction Solver for the Generalized Riemann Problem: the Scalar Case},
	author={Dematt{\'e}, R and Titarev, Vladimir A and Montecinos, GI and Toro, EF},
	journal={Communications on Applied Mathematics and Computation},
	pages={1--34},
	year={2019},
	publisher={Springer}
}

@article{schwartzkopff2002ader,
	title={ADER: A high-order approach for linear hyperbolic systems in 2D},
	author={Schwartzkopff, T and Munz, Claus-Dieter and Toro, Eleuterio F},
	journal={Journal of Scientific Computing},
	volume={17},
	number={1-4},
	pages={231--240},
	year={2002},
	publisher={Springer}
}


@incollection{toro2001towards,
	title={Towards very high order {G}odunov schemes},
	author={Toro, EF and Millington, RC and Nejad, LAM},
	booktitle={Godunov methods},
	pages={907--940},
	year={2001},
	publisher={Springer}
}

@article{titarev2002ader,
	title={ADER: Arbitrary high order {G}odunov approach},
	author={Titarev, Vladimir A and Toro, Eleuterio F},
	journal={Journal of Scientific Computing},
	volume={17},
	number={1-4},
	pages={609--618},
	year={2002},
	publisher={Springer}
}

@article{dumbser2007FVStiff,
	author = {Dumbser, Michael and Enaux, Cedric and Toro, Eleuterio F.},
	title = {Finite Volume Schemes of Very High Order of Accuracy for Stiff Hyperbolic Balance Laws},
	year = {2008},
	issue_date = {April, 2008},
	publisher = {Academic Press Professional, Inc.},
	address = {USA},
	volume = {227},
	number = {8},
	issn = {0021-9991},
	url = {https://doi.org/10.1016/j.jcp.2007.12.005},
	doi = {10.1016/j.jcp.2007.12.005},
	journal = {J. Comput. Phys.},
	month = apr,
	pages = {3971–4001},
	numpages = {31},
	keywords = {ADER approach, Finite volume schemes, Local space-time discontinuous Galerkin method, Hyperbolic balance laws, Stiff source terms, WENO reconstruction}
}



@article{schwartzkopff2004fast,
	title={Fast high order ADER schemes for linear hyperbolic equations},
	author={Schwartzkopff, Thomas and Dumbser, Michael and Munz, Claus-Dieter},
	journal={Journal of Computational Physics},
	volume={197},
	number={2},
	pages={532--539},
	year={2004},
	publisher={Elsevier}
}

@article{dumbser2005ader,
	title={{ADER} discontinuous {G}alerkin schemes for aeroacoustics},
	author={Dumbser, Michael and Munz, Claus-Dieter},
	journal={Comptes Rendus M{\'e}canique},
	volume={333},
	number={9},
	pages={683--687},
	year={2005},
	publisher={Elsevier}
}
@article{hidalgo2011ader,
	title={{ADER schemes for nonlinear systems of stiff advection--diffusion--reaction equations}},
	author={Hidalgo, Arturo and Dumbser, Michael},
	journal={Journal of Scientific Computing},
	volume={48},
	number={1-3},
	pages={173--189},
	year={2011},
	publisher={Springer}
}

@article{zanotti2015space,
	title={Space--time adaptive {ADER} discontinuous {G}alerkin finite element schemes with a posteriori sub-cell finite volume limiting},
	author={Zanotti, Olindo and Fambri, Francesco and Dumbser, Michael and Hidalgo, Arturo},
	journal={Computers \& Fluids},
	volume={118},
	pages={204--224},
	year={2015},
	publisher={Elsevier}
}


@article{dumbser2008unified,
	title={A unified framework for the construction of one-step finite volume and discontinuous {G}alerkin schemes on unstructured meshes},
	author={Dumbser, Michael and Balsara, Dinshaw S and Toro, Eleuterio F and Munz, Claus-Dieter},
	journal={Journal of Computational Physics},
	volume={227},
	number={18},
	pages={8209--8253},
	year={2008},
	publisher={Elsevier}
}

@ARTICLE{Busto2020_Frontiers,
	author={Busto, S. and Chiocchetti, S. and Dumbser, M. and Gaburro, E. and Peshkov, I.},
	title={High Order {ADER} Schemes for Continuum Mechanics},
	journal={Frontiers in Physics},
	year={2020},
	volume={8},
	art_number={32},
}

@article{BTVC16,
  author  = {Busto, S. and Toro, E.~F. and V\'azquez-Cend\'on, M.~E.},
  title={Design and analysis of {ADER}-type schemes for model advection--diffusion--reaction equations},
author={Busto, Saray and Toro, Eleuterio F and V{\'a}zquez-Cend{\'o}n, M Elena},
journal={Journal of Computational Physics},
volume={327},
pages={553--575},
year={2016},
publisher={Elsevier}
}

@Article{CDL3,
  author = 	 {S. Diot and R. Loub{\`e}re and S. Clain},
  title = 	 {The {MOOD} method in the three-dimensional case: Very-High-Order Finite Volume Method for Hyperbolic Systems},
journal = {International Journal of Numerical Methods in Fluids}, 
volume = {73},
pages = {362--392},
year = {2013}

}

@article{CDL2,
  title={Improved detection criteria for the multi-dimensional optimal order detection ({MOOD}) on unstructured meshes with very high-order polynomials},
author={Diot, Steven and Clain, St{\'e}phane and Loub{\`e}re, Rapha{\"e}l},
journal={Computers \& Fluids},
volume={64},
pages={43--63},
year={2012},
publisher={Elsevier}
}

@article{CDL1,
  title={{A high-order finite volume method for systems of conservation laws--Multi-dimensional Optimal Order Detection (MOOD)}},
author={Clain, St{\'e}phane and Diot, Steven and Loub{\`e}re, Rapha{\"e}l},
journal={Journal of computational Physics},
volume={230},
number={10},
pages={4028--4050},
year={2011},
publisher={Elsevier}
}

@article{ALEMOOD1,
  author = {W. Boscheri and R. Loub\`ere and M. Dumbser},
  title = {{Direct Arbitrary-Lagrangian-Eulerian {ADER}-MOOD finite volume schemes for multidimensional hyperbolic conservation laws}},
  journal = {Journal of Computational Physics},
  year = {2015},  
  volume = {292},
  pages = {56--87}, 
}

@Article{ALEMOOD2, 
author ={W. Boscheri and R. Loub\`ere},
title = {{High order accurate direct Arbitrary-Lagrangian-Eulerian {ADER}-MOOD finite volume schemes for non-conservative hyperbolic systems with stiff source terms}}, 
journal = {Communications in Computational Physics},
volume = {21},
pages = {271--312},
year = {2017},
}


%%% TORO's SOLUTIONS
@book{toro2009riemann,
	title={Riemann Solvers and Numerical Methods for Fluid Dynamics: A Practical Introduction},
	author={Toro, E.F.},
	isbn={9783540498346},
	lccn={2009921818},
	url={https://books.google.com/books?id=SqEjX0um8o0C},
	year={2009},
	publisher={Springer},
	address={Berlin Heidelberg}
}


@article{grptoro,
	title={Solution of the generalized {R}iemann problem for advection--reaction equations},
	author={Toro, EF and Titarev, VA},
	journal={Proceedings of the Royal Society of London. Series A: Mathematical, Physical and Engineering Sciences},
	volume={458},
	number={2018},
	pages={271--281},
	year={2002},
	publisher={The Royal Society}
}

@article{Rusanov:1961a,
	author  = "Rusanov, V. V.",
	title   = "{Calculation of Interaction of Non--Steady
                    Shock Waves with Obstacles}",
	journal = "J. Comput. Math. Phys. USSR",
	year    = "1961",
	volume  = "1",
	pages   = "267--279",
}

@Article{OsherNC,
  author = 	 {M. Dumbser and E. F. Toro}, 
  title = 	 {A Simple Extension of the {Osher} {{Riemann}} Solver to Non-Conservative Hyperbolic Systems},
  journal =  {Journal of Scientific Computing},  
  volume = {48},
  pages = {70--88},
  year = {2011},
}

@Article{Lagrange2D,
  author = 	 {W. Boscheri and M. Dumbser},
  title = 	 {{Arbitrary--Lagrangian--Eulerian One--Step WENO Finite Volume Schemes on Unstructured Triangular Meshes}},
  journal =  {Communications in Computational Physics},
  volume = {14},
  year = 	 {2013},
  pages =	 {1174-1206},
}

@PhdThesis{mill, 
  AUTHOR =       {{R.C.} Millington and {E.F.} Toro and {L.A.M.} Nejad}, 
  TITLE =        {Arbitrary High Order Methods for Conservation Laws 
                  {I}: The One Dimensional Scalar Case}, 
  SCHOOL =  {Manchester Metropolitan University, Department of 
                  Computing and Mathematics}, 
  YEAR =         {1999}, 
  MONTH =        {June} 
}

@Article{toro3,
  author = 	 {{V.A.} Titarev and {E.F.} Toro},
  title = 	 {{{ADER}}: Arbitrary High Order {{Godunov}} Approach},
  journal = 	 {Journal of Scientific Computing},
  year = 	 2002,
  volume =	 17,
  number =	 {1-4},
  pages =	 {609--618},
  month =	 {December}
}

%%% PNPM
@article{dumbser2009very,
	title={{Very high order PNPM schemes on unstructured meshes for the resistive relativistic MHD equations}},
	author={Dumbser, Michael and Zanotti, Olindo},
	journal={Journal of Computational Physics},
	volume={228},
	number={18},
	pages={6991--7006},
	year={2009},
	publisher={Elsevier}
}
@article{dumbser2010arbitrary,
	title={{Arbitrary high order PNPM schemes on unstructured meshes for the compressible Navier--Stokes equations}},
	author={Dumbser, Michael},
	journal={Computers \& Fluids},
	volume={39},
	number={1},
	pages={60--76},
	year={2010},
	publisher={Elsevier}
}
@article{gaburro2021posteriori,
	title={{A Posteriori Subcell Finite Volume Limiter for General PNPM Schemes: Applications from Gasdynamics to Relativistic Magnetohydrodynamics}},
	author={Gaburro, Elena and Dumbser, Michael},
	journal={Journal of Scientific Computing},
	volume={86},
	number={3},
	pages={1--41},
	year={2021},
	publisher={Springer}
}

@article{boscheri2019high,
	title={{High order direct Arbitrary-Lagrangian-Eulerian (ALE) PNPM schemes with WENO Adaptive-Order reconstruction on unstructured meshes}},
	author={Boscheri, Walter and Balsara, Dinshaw S},
	journal={Journal of Computational Physics},
	volume={398},
	pages={108899},
	year={2019},
	publisher={Elsevier}
}

%mood

@article{clain2011high,
	title={{A high-order finite volume method for systems of conservation laws—Multi-dimensional Optimal Order Detection (MOOD)}},
	author={Clain, St{\'e}phane and Diot, Steven and Loub{\`e}re, Rapha{\"e}l},
	journal={Journal of computational Physics},
	volume={230},
	number={10},
	pages={4028--4050},
	year={2011},
	publisher={Elsevier}
}
@article{diot2012improved,
	title={{Improved detection criteria for the multi-dimensional optimal order detection (MOOD) on unstructured meshes with very high-order polynomials}},
	author={Diot, Steven and Clain, St{\'e}phane and Loub{\`e}re, Rapha{\"e}l},
	journal={Computers \& Fluids},
	volume={64},
	pages={43--63},
	year={2012},
	publisher={Elsevier}
}

@article{boscheri2015direct,
	title={{Direct Arbitrary-Lagrangian--Eulerian ADER-MOOD finite volume schemes for multidimensional hyperbolic conservation laws}},
	author={Boscheri, Walter and Loubere, Rapha{\"e}l and Dumbser, Michael},
	journal={Journal of Computational Physics},
	volume={292},
	pages={56--87},
	year={2015},
	publisher={Elsevier}
}

@article{bacigaluppi2019posteriori,
	title={``{A} Posteriori'' Limited High Order and Robust Residual Distribution Schemes for Transient Simulations of Fluid Flows in Gas Dynamics},
	author={Bacigaluppi, Paola and Abgrall, R{\'e}mi and Tokareva, Svetlana},
	journal={arXiv preprint arXiv:1902.07773},
	year={2019}
}

% Tests

@Article{shuosher1,
	author = 	 {Shu, Chi-Wang and Osher, Stanley},
	title = 	 {Efficient implementation of essentially non-oscillatory shock capturing schemes},
	journal =  {Journal of Computational Physics},
	year = 	   1988,
	volume=    77,
	pages=     {439-471}
}

@article{ArepoTN,
title = "{High order direct Arbitrary-Lagrangian-Eulerian schemes on moving Voronoi meshes with topology changes}",
journal = "Journal of Computational Physics",
volume = "407",
pages = "109167",
year = "2020",
author = "E. Gaburro and W. Boscheri and S. Chiocchetti and C. Klingenberg and V. Springel and M. Dumbser",
}

@Article{titarevtoro,
  author = 	 {V.A. Titarev  and E.F. Toro},
  title = 	 {{{ADER}} schemes for three-dimensional nonlinear hyperbolic systems},
  journal = 	 {Journal of Computational Physics},
  volume=        204,
  pages=         {715--736},
  year = 2005
}



%
@article{becker1922stosswelle,
	title={Stosswelle und detonation},
	author={Becker, R},
	journal={Zeitschrift f{\"u}r Physik},
	volume={8},
	number={1},
	pages={321--362},
	year={1922},
	publisher={Springer}
}

@article{busto2021staggered,
	title={{Staggered semi-implicit hybrid finite volume/finite element schemes for turbulent and non-Newtonian flows}},
	author={Busto, Saray and Dumbser, Michael and R{\'\i}o-Mart{\'\i}n, Laura},
	journal={Mathematics},
	volume={9},
	number={22},
	pages={2972},
	year={2021},
	publisher={MDPI}
}

@article{boscheri2017arbitrary,
	title={{Arbitrary-Lagrangian--Eulerian discontinuous Galerkin schemes with a posteriori subcell finite volume limiting on moving unstructured meshes}},
	author={Boscheri, Walter and Dumbser, Michael},
	journal={Journal of Computational Physics},
	volume={346},
	pages={449--479},
	year={2017},
	publisher={Elsevier}
}

% structure preserving
@article{gaburro2022high,
	title={High order entropy preserving {ADER-DG} scheme},
	author={Gaburro, Elena and {\"O}ffner, Philipp and Ricchiuto, Mario and Torlo, Davide},
	journal={Applied Mathematics and Computation},
	volume = {440},
	pages = {127644},
	year = {2023},
	issn = {0096-3003},
	doi="10.1016/j.amc.2022.127644"
}
@article{ciallella2022arbitrary,
	title={An arbitrary high order and positivity preserving method for the shallow water equations},
	author={Ciallella, Mirco and Micalizzi, Lorenzo and {\"O}ffner, Philipp and Torlo, Davide},
	journal={Computers \& Fluids},
	volume={247},
	pages={105630},
	year={2022},
	publisher={Elsevier},
	doi="10.1016/j.compfluid.2022.105630"
}
@article{offner2020arbitrary,
	title={Arbitrary high-order, conservative and positivity preserving {P}atankar-type deferred correction schemes},
	author={{\"O}ffner, Philipp and Torlo, Davide},
	journal={Applied Numerical Mathematics},
	volume={153},
	pages={15--34},
	year={2020},
	publisher={Elsevier}
}

@article{huang2019positivity,
	title={Positivity-Preserving Time Discretizations for Production--Destruction Equations with Applications to Non-equilibrium Flows},
	author={Huang, Juntao and Shu, Chi-Wang},
	journal={Journal of Scientific Computing},
	volume={78},
	number={3},
	pages={1811--1839},
	year={2019},
	publisher={Springer}
}
@article{meister2014unconditionally,
	title={On unconditionally positive implicit time integration for the {DG} scheme applied to shallow water flows},
	author={Meister, Andreas and Ortleb, Sigrun},
	journal={International Journal for Numerical Methods in Fluids},
	volume={76},
	number={2},
	pages={69--94},
	year={2014},
	publisher={Wiley Online Library}
}

@article{ciallella2022global,
	title={{Arbitrary High Order WENO Finite Volume Scheme with Flux Globalization for Moving Equilibria Preservation}},
	author={Ciallella, Mirco and Torlo, Davide and Ricchiuto, Mario},
	journal={arXiv preprint arXiv:2205.13315},
	year={2022}
}


@article{chen2017entropy,
	title={Entropy stable high order discontinuous {G}alerkin methods with suitable quadrature rules for hyperbolic conservation laws},
	author={Chen, Tianheng and Shu, Chi-Wang},
	journal={Journal of Computational Physics},
	volume={345},
	pages={427--461},
	year={2017},
	publisher={Elsevier}
}

@article{chenreview,
	title={Review of entropy stable discontinuous {G}alerkin methods for systems of conservation laws on unstructured simplex meshes},
	author={Chen, Tianheng and Shu, Chi-Wang},
	journal={CSIAM Transactions on Applied Mathematics},
	volume={1},
	pages={1--52},
	year={2020},
}


@article{ranocha2020relaxation,
	title={Relaxation {R}unge--{K}utta Methods: Fully Discrete Explicit Entropy-Stable Schemes for the Compressible {E}uler and {N}avier--{S}tokes Equations},
	author={Ranocha, Hendrik and Sayyari, Mohammed and Dalcin, Lisandro and Parsani, Matteo and Ketcheson, David I},
	journal={SIAM Journal on Scientific Computing},
	volume={42},
	number={2},
	pages={A612--A638},
	year={2020},
	publisher={SIAM}
}

@article{gottlieb1998total,
	title={Total variation diminishing {R}unge-{K}utta schemes},
	author={Gottlieb, Sigal and Shu, Chi-Wang},
	journal={Mathematics of computation of the American Mathematical Society},
	volume={67},
	number={221},
	pages={73--85},
	year={1998}
}

@article{abgrall2022reinterpretation,
	title={Reinterpretation and extension of entropy correction terms for residual distribution and discontinuous Galerkin schemes: Application to structure preserving discretization},
	author={Abgrall, R{\'e}mi and {\"O}ffner, Philipp and Ranocha, Hendrik},
	journal={Journal of Computational Physics},
	volume={453},
	pages={110955},
	year={2022},
	publisher={Elsevier}
}

@article{friedrich2018entropyHP,
	title={An entropy stable h/p non-conforming discontinuous {G}alerkin method with the summation-by-parts property},
	author={Friedrich, Lucas and Winters, Andrew R and Fern{\'a}ndez, David C Del Rey
	and Gassner, Gregor J and Parsani, Matteo and Carpenter, Mark H},
	journal={J. Sci. Comput.},
	volume={77},
	number={2},
	pages={689--725},
	year={2018},
	publisher={Springer}
}



@article{zhang2011maximum,
	title={Maximum-principle-satisfying and positivity-preserving high-order schemes for conservation laws: survey and new developments},
	author={Zhang, Xiangxiong and Shu, Chi-Wang},
	journal={Proceedings of the Royal Society A: Mathematical, Physical and Engineering Sciences},
	volume={467},
	number={2134},
	pages={2752--2776},
	year={2011},
	publisher={The Royal Society Publishing}
}



@article{hajduk2021monolithic,
	title={Monolithic convex limiting in discontinuous {G}alerkin discretizations of hyperbolic conservation laws},
	author={Hajduk, Hennes},
	journal={Computers \& Mathematics with Applications},
	volume={87},
	pages={120--138},
	year={2021},
	publisher={Elsevier}
}

@article{kuzmin2020entropycg,
	title={Entropy conservation property and entropy stabilization of high-order continuous {G}alerkin approximations to scalar conservation laws},
	author={Kuzmin, Dmitri and de Luna, Manuel Quezada},
	journal={Computers \& Fluids},
	volume={213},
	pages={104742},
	year={2020},
	publisher={Elsevier}
}

@article{kuzmin2020entropy,
	title={Entropy stabilization and property-preserving limiters for {$\mathbb P_1$} discontinuous {G}alerkin discretizations of scalar hyperbolic problems},
	author={Kuzmin, Dmitri},
	journal={Journal of Numerical Mathematics},
	volume={29},
	number={4},
	year={2021},
	pages={307--322}
	publisher={De Gruyter}
}



@article{noelle2007high,
	title={High-order well-balanced finite volume {WENO} schemes for shallow water equation with moving water},
	author={Noelle, Sebastian and Xing, Yulong and Shu, Chi-Wang},
	journal={Journal of Computational Physics},
	volume={226},
	number={1},
	pages={29--58},
	year={2007},
	publisher={Elsevier}
}



@article{cheng2019new,
	title={A new approach for designing moving-water equilibria preserving schemes for the shallow water equations},
	author={Cheng, Yuanzhen and Chertock, Alina and Herty, Michael and Kurganov, Alexander and Wu, Tong},
	journal={Journal of Scientific Computing},
	volume={80},
	number={1},
	pages={538--554},
	year={2019},
	publisher={Springer}
}



@article{berberich2021high,
	title={High order well-balanced finite volume methods for multi-dimensional systems of hyperbolic balance laws},
	author={Berberich, Jonas P and Chandrashekar, Praveen and Klingenberg, Christian},
	journal={Computers \& Fluids},
	volume={219},
	pages={104858},
	year={2021},
	publisher={Elsevier}
}

@article{mantri2021well,
	title={Well-balanced discontinuous {G}alerkin scheme for 2$\times$2 hyperbolic balance law},
	author={Mantri, Yogiraj and Noelle, Sebastian},
	journal={Journal of Computational Physics},
	volume={429},
	pages={110011},
	year={2021},
	publisher={Elsevier}
}


@article{xing2006high,
	title={High-order well-balanced finite difference {WENO} schemes for a class of hyperbolic systems with source terms},
	author={Xing, Yulong and Shu, Chi-Wang},
	journal={Journal of Scientific Computing},
	volume={27},
	number={1},
	pages={477--494},
	year={2006},
	publisher={Springer}
}

@article{perthame1996positivity,
	title={On positivity preserving finite volume schemes for {E}uler equations},
	author={Perthame, Benoit and Shu, Chi-Wang},
	journal={Numerische Mathematik},
	volume={73},
	number={1},
	pages={119--130},
	year={1996},
	publisher={Springer}
}

@article{balsara2000monotonicity,
	title={Monotonicity preserving weighted essentially non-oscillatory schemes with increasingly high order of accuracy},
	author={Balsara, Dinshaw S and Shu, Chi-Wang},
	journal={Journal of Computational Physics},
	volume={160},
	number={2},
	pages={405--452},
	year={2000},
	publisher={Elsevier}
}


@article{abgrall2019analysis,
	title={Analysis of the {SBP-SAT} stabilization for finite element methods part {II}: entropy stability},
	author={Abgrall, R{\'e}mi and Nordstr{\"o}m, Jan and {\"O}ffner, Philipp and Tokareva, Svetlana},
	journal={Communications on Applied Mathematics and Computation},
	pages={1--23},
	year={2021},
	publisher={Springer}
}


@article{gassner2016well,
	title={A well balanced and entropy conservative discontinuous 
	{G}alerkin spectral element method for the shallow water equations},
	author={Gassner, Gregor J and Winters, Andrew R and Kopriva, David A},
	journal={Applied Mathematics and Computation},
	volume={272},
	pages={291--308},
	year={2016},
	publisher={Elsevier}
}

@article{winters2015comparison,
	title={A comparison of two entropy stable discontinuous {G}alerkin spectral element
	approximations for the shallow water equations with non-constant topography},
	author={Winters, Andrew R and Gassner, Gregor J},
	journal={Journal of Computational Physics},
	volume={301},
	pages={357--376},
	year={2015},
	publisher={Elsevier}
}

@online{wintermeyer2015entropy,
  title={An entropy stable nodal discontinuous Galerkin method for the two dimensional shallow water equations on unstructured curvilinear meshes with discontinuous bathymetry},
author={Wintermeyer, Niklas and Winters, Andrew R and Gassner, Gregor J and Kopriva, David A},
journal={Journal of Computational Physics},
volume={340},
pages={200--242},
year={2017},
publisher={Elsevier}
}


@article{lukavcova2023convergence,
	title={{Convergence of discontinuous Galerkin schemes for the Euler equations via dissipative weak solutions}},
	author={Luk{\'a}{\v{c}}ov{\'a}-Medvid’ov{\'a}, M{\'a}ria and {\"O}ffner, Philipp},
	journal={Applied Mathematics and Computation},
	volume={436},
	pages={127508},
	year={2023},
	publisher={Elsevier}
}

@article{abgrall2022convergence,
	title={On the convergence of residual distribution schemes for the compressible Euler equations via dissipative weak solutions},
	author={Abgrall, R{\'e}mi and Luk{\'a}cova-Medvid'ov{\'a}, M{\'a}ria and {\"O}ffner, Philipp},
	journal={arXiv preprint arXiv:2207.11969},
	year={2022}
}

% high order schemes


@article{titarev2004finite,
	title={Finite-volume {WENO} schemes for three-dimensional conservation laws},
	author={Titarev, Vladimir A and Toro, Eleuterio F},
	journal={Journal of Computational Physics},
	volume={201},
	number={1},
	pages={238--260},
	year={2004},
	publisher={Elsevier}
}


@article{ricchiuto2015explicit,
	title={An explicit residual based approach for shallow water flows},
	author={Ricchiuto, Mario},
	journal={Journal of Computational Physics},
	volume={280},
	pages={306--344},
	year={2015},
	publisher={Elsevier}
}

@article{glaubitz2020stable,
  title={Stable discretisations of high-order discontinuous {Galerkin} methods on equidistant and scattered points},
author={Glaubitz, Jan and {\"O}ffner, Philipp},
journal={Applied Numerical Mathematics},
volume={151},
pages={98--118},
year={2020},
publisher={Elsevier}
}


@incollection{shu1998essentially,
  title={Essentially non-oscillatory and weighted essentially non-oscillatory schemes for hyperbolic conservation laws},
author={Shu, Chi-Wang},
journal={Advanced numerical approximation of nonlinear hyperbolic equations},
pages={325--432},
year={1998},
publisher={Springer}
}

@article{gomez2023implicit,
	title={Implicit and semi-implicit well-balanced finite-volume methods for systems of balance laws},
	author={G{\'o}mez-Bueno, Irene and Boscarino, Sebastiano and Castro, Manuel Jes{\'u}s and Par{\'e}s, Carlos and Russo, Giovanni},
	journal={Applied Numerical Mathematics},
	volume={184},
	pages={18--48},
	year={2023},
	publisher={Elsevier}
}


@article{offner2018stability,
	title={{Stability of correction procedure via reconstruction with summation-by-parts operators for Burgers' equation using a polynomial chaos approach}},
	author={{\"O}ffner, Philipp and Glaubitz, Jan and Ranocha, Hendrik},
	journal={ESAIM: Mathematical Modelling and Numerical Analysis},
	volume={52},
	number={6},
	pages={2215--2245},
	year={2018},
	publisher={EDP Sciences}
}

@article{Colonius,
author = {T. Colonius and S. Lele and P. Moin},
journal = {J. Fluid Mech.},
pages = {375--409},
title = {{Sound generation in a mixing layer}},
volume = {330},
year = {1997}
}


@inproceedings{spiegel2015survey,
	title={A survey of the isentropic {Euler} vortex problem using high-order methods},
	author={Spiegel, Seth C and Huynh, HT and DeBonis, James R},
	booktitle={22nd AIAA computational fluid dynamics conference},
	pages={2444},
	year={2015}
}

%%============================================================================%%
%% while using chicago reference style, both abbreviated and expanded form of %%
%% author name format is acceptable. Refer below example for expanded form    %%
%%============================================================================%%

%%  author		= "{Cameron, Deborah}", - single author
%%  author		= "{Saito, Yukio} and {Hyuga, Hiroyuki}", - double author 

%%======================================%%
%% Example for author names with suffix %%
%%======================================%%

%%  author		= "{Price, R. A. Jr} and {Curry, N. {III}} and McCann, K. E. and 
%%					Fielding, J. L. and {Abercrombie, E. Jr}",
